@book{privara1994mathematical,
  title={Mathematical Foundations of Computer Science 1994: 19th International Symposium, MFCS'94, Kosice, Slovakia, August 22 - 26, 1994. Proceedings},
  author={Privara, I. and Rovan, B. and Ru{\v{z}}i{\v{c}}ka, P. and Ruzicka, P.},
  isbn={9783540583387},
  series={Lecture Notes in Computer Science},
  year={1994},
  publisher={Springer}
}

@incollection{Makowsky1994,
year={1994},
isbn={978-3-540-58338-7},
booktitle={Mathematical Foundations of Computer Science 1994},
volume={841},
series={Lecture Notes in Computer Science},
editor={Privara, I. and Rovan, B. and Ru{\v{z}}i{\v{c}}ka, P. and Ruzicka, P.},
doi={10.1007/3-540-58338-6_59},
title={Capturing complexity classes with Lindström quantifiers},
publisher={Springer Berlin Heidelberg},
author={Makowsky, J.A.},
pages={68-71},
language={English}
}

@article{Immerman:1987,
 author = {Immerman, Neil},
 title = {Languages That Capture Complexity Classes},
 journal = {SIAM J. Comput.},
 issue_date = {Aug. 1987},
 volume = {16},
 number = {4},
 month = aug,
 year = {1987},
 issn = {0097-5397},
 pages = {760--778},
 numpages = {19},
 acmid = {33378},
 publisher = {Society for Industrial and Applied Mathematics},
 address = {Philadelphia, PA, USA},
}

@article{Hella1989235,
title = "Definability hierarchies of generalized quantifiers ",
journal = "Annals of Pure and Applied Logic ",
volume = "43",
number = "3",
pages = "235 - 271",
year = "1989",
note = "",
issn = "0168-0072",
author = "Lauri Hella"
}
@incollection{Makowsky1995,
year={1995},
isbn={978-90-481-4617-8},
booktitle={The Foundational Debate},
volume={3},
series={Vienna Circle Institute Yearbook [1995]},
editor={Depauli-Schimanovich, Werner and K\"{o}hler, Eckehart and Stadler, Friedrich},
doi={10.1007/978-94-017-3327-4_10},
title={Capturing Relativized Complexity Classes with Lindström Quantifiers},
publisher={Springer Netherlands},
author={Makowsky, JanosA.},
pages={133-140},
language={English}
}

@article{Kolaitis199523,
title = "Generalized quantifiers and pebble games on finite structures ",
journal = "Annals of Pure and Applied Logic ",
volume = "74",
number = "1",
pages = "23 - 75",
year = "1995",
note = "",
issn = "0168-0072",
author = "Phokion G. Kolaitis and Jouko A. Vaananen"
}

@article{DAWAR01041995,
author = {Dawar, Anuj}, 
title = {Generalized Quantifiers and Logical Reducibilities},
volume = {5}, 
number = {2}, 
pages = {213-226}, 
year = {1995}, 
doi = {10.1093/logcom/5.2.213}, 
journal = {Journal of Logic and Computation} 
}
@article{Dawar:2010,
 author = {Dawar, Anuj and Gr\"{a}del, Erich},
 title = {Properties of Almost All Graphs and Generalized Quantifiers},
 journal = {Fundam. Inf.},
 issue_date = {December 2010},
 volume = {98},
 number = {4},
 month = dec,
 year = {2010},
 issn = {0169-2968},
 pages = {351--372},
 numpages = {22},
 acmid = {1804282},
 publisher = {IOS Press},
 address = {Amsterdam, The Netherlands, The Netherlands},
} 

@INPROCEEDINGS{Grohe2008, 
author = {Grohe, Martin},
 title = {The Quest for a Logic Capturing PTIME},
 booktitle = {Proceedings of the 2008 23rd Annual IEEE Symposium on Logic in Computer Science},
 series = {LICS 2008},
 year = {2008},
 pages = {267--271}
}

@INPROCEEDINGS{Hella96,
    author = {Lauri Hella and Phokion G. Kolaitis and Kerkko Luosto},
    title = {Almost Everywhere Equivalence Of Logics In Finite Model Theory},
    booktitle = {BULLETIN OF SYMBOLIC LOGIC},
    year = {1996},
    pages = {422--443},
    publisher = {}
}
@article{Dawar1998154,
title = "A Restricted Second Order Logic for Finite Structures ",
journal = "Information and Computation ",
volume = "143",
number = "2",
pages = "154-174",
year = "1998",
note = "",
issn = "0890-5401",
author = "Anuj Dawar"
}
@article{Atserias20091666,
title = "Affine systems of equations and counting infinitary logic ",
journal = "Theoretical Computer Science ",
volume = "410",
number = "18",
pages = "1666-1683",

year = "2009",
issn = "0304-3975",
author = "Atserias, A. and Bulatov, A. and Dawar, A.",
}

@incollection{Gurevich1988,
title = "Logic and the challenge of computer science ",
booktitle = "Current Trends in Theoretical Computer Science ",
pages = "1 - 57",
year = "1988",
publisher = "Computer Science Press, Rockvill",
author = "Yuri Gurevich",
}
@article{Eickmeyer2011,
  author    = {Kord Eickmeyer and
               Martin Grohe},
  title     = {Randomisation and Derandomisation in Descriptive Complexity Theory},
  journal   = {Logical Methods in Computer Science},
  volume    = {7},
  number    = {3},
  year      = {2011},
}

@incollection{Gurevich1995,
 author = {Gurevich, Yuri},
 chapter = {Evolving Algebras 1993: Lipari Guide},
 title = {Specification and Validation Methods},
 editor = {B\"{o}rger, Egon},
 year = {1995},
 pages = {9--36},
 publisher = {Oxford University Press, Inc.},
 address = {New York, NY, USA},
} 

@techreport{Blass1997,
 author = {Blass, Andreas and Gurevich, Yuri and Shelah, Saharon},
 title = {Choiceless Polynomial Time},
 year = {1997},
 publisher = {Center for Discrete Mathematics and Theoretical Computer Science},
} 

@article{Dawar2008,
	journal = {Annals of Pure and Applied Logic},
	number = {1},
	volume = {152},
	title = {Choiceless Polynomial Time, Counting and the Cai--{}F\"u{}rer--{} Graphs},
	pages = {31--50},
	author = {Anuj Dawar and David Richerby and Benjamin Rossman},
	year = {2008}
}

@incollection{Shelah1997,
year={2000},
booktitle={Computer Science Logic},
volume={1862},
series={Lecture Notes in Computer Science},
editor={Clote, PeterG. and Schwichtenberg, Helmut},
publisher={Springer Berlin Heidelberg},
author={Shelah, Saharon},
pages={72-125},
}

@article{Cau1992,
year={1992},
journal={Combinatorica},
volume={12},
number={4},
title={An optimal lower bound on the number of variables for graph identification},
publisher={Springer-Verlag},
author={Cai, J. and F\"{u}rer, M. and Immerman, N.},
pages={389-410},
language={English}
}

@INPROCEEDINGS{Dawar09logicswith,
author={A. Dawar and M. Grohe and B. Holm and B. Laubner}, 
booktitle={2009 24th Annual IEEE Symposium on Logic In Computer Science (LICS)}, 
title={Logics with Rank Operators}, 
year={2009}, 
pages={113-122}, 
}

@INPROCEEDINGS{Grohe2010, 
author={Grohe, M.}, 
booktitle={2010 25th Annual IEEE Symposium on Logic in Computer Science (LICS)}, 
title={Fixed-Point Definability and Polynomial Time on Graphs with Excluded Minors}, 
year={2010}, 
month={July}, 
pages={179-188}, }

@inproceedings{Vardi:1982,
 author = {Vardi, M.},
 title = {The Complexity of Relational Query Languages (Extended Abstract)},
 booktitle = {Proceedings of the Fourteenth Annual ACM Symposium on Theory of Computing},
 year = {1982},
 location = {San Francisco, California, USA},
 pages = {137--146},
 numpages = {10},
 publisher = {ACM},
 address = {New York, NY, USA},
} 

@article{Immerman198686,
title = "Relational queries computable in polynomial time",
journal = "Information and Control",
volume = "68",
number = "1-3",
pages = "86 - 104",
year = "1986",
author = "Immerman, N.",
}

@book{Holm2010,
  title={Descriptive complexity of linear algebra},
  author={Holm, B.},
  year={2010},
  publisher={University of Cambridge}
}

@incollection{Fagin1974,
    author = {Fagin, R.},
    title = {Generalized first-order spectra and polynomial-time recognizable sets},
    year = {1974},
    booktitle={Complexity of Computations},
    publisher={AMS},
    editor={Kar, R.},
    pages={43-73},
}

@book{Gradel:2005,
 author = {Gr\"{a}del, E. and Kolaitis, P. G. and Libkin, L. and Marx, M. and Spencer, J. and Vardi, M. and Venema, Y. and Weinstein, S.},
 title = {Finite Model Theory and Its Applications (Texts in Theoretical Computer Science. An EATCS Series)},
 year = {2005},
 isbn = {3540004289},
 publisher = {Springer-Verlag New York, Inc.},
 address = {Secaucus, NJ, USA},

}

@book{immerman1999descriptive,
  title={Descriptive Complexity},
  author={Immerman, N.},
  isbn={9780387986005},
  lccn={lc98033563},
  series={Graduate texts in computer science},
  year={1999},
  publisher={Springer New York}
}

@incollection{Rossman:2010,
 author = {Rossman, Benjamin},
 chapter = {Choiceless Computation and Symmetry},
 title = {Fields of Logic and Computation},
 editor = {Blass, Andreas and Dershowitz, Nachum and Reisig, Wolfgang},
 year = {2010},
 isbn = {3-642-15024-1, 978-3-642-15024-1},
 pages = {565--580},
 numpages = {16},
 publisher = {Springer-Verlag},
 address = {Berlin, Heidelberg},
 keywords = {choiceless polynomial time, descriptive complexity, finite model theory},
}

@inproceedings{Anderson2013,
 author = {Anderson, M. and Dawar, A. and Holm, B.},
 title = {Maximum Matching and Linear Programming in Fixed-Point Logic with Counting},
 booktitle = {2013 28th Annual ACM/IEEE Symposium on Logic in Computer Science (LICS)},
 year = {2013},
 pages = {173--182},
}

@article{Dawar200613,
title = "Choiceless Polynomial Time, Counting and the Cai–Fürer–Immerman Graphs: (Extended Abstract) ",
journal = "Electronic Notes in Theoretical Computer Science ",
volume = "143",
number = "0",
pages = "13 - 26",
year = "2006",
issn = "1571-0661",
author = "Anuj Dawar and David Richerby and Benjamin Rossman",
}

@inproceedings{ZaidGGP14,
  author    = {Faried Abu Zaid and Erich Gr{\"{a}}del and Martin Grohe and Wied Pakusa},
  title     = {Choiceless Polynomial Time on Structures with Small Abelian Colour Classes},
  booktitle = {Mathematical Foundations of Computer Science 2014 - 39th International Symposium, {MFCS} 2014, Budapest, Hungary, August 25-29, 2014. Proceedings, Part {I}},
  pages     = {50--62},
  year      = {2014},
}

@inproceedings{Gradel2015,
author={E. Gr\"{a}del and W. Pakusa and S. Schalth\"{o}fer and L. Kaiser}, 
booktitle={2015 30th Annual ACM/IEEE Symposium on Logic in Computer Science (LICS)}, 
title={Characterising Choiceless Polynomial Time with First-Order Interpretations}, 
year={2015}, 
pages={677-688}
}

@Inproceedings{anderson2014,
  author =	{Matthew Anderson and Anuj Dawar},
  title =	{{On Symmetric Circuits and Fixed-Point Logics}},
  booktitle =	{31st International Symposium on Theoretical Aspects of Computer Science (STACS 2014)},
  pages =	{41--52},
  series =	{Leibniz International Proceedings in Informatics (LIPIcs)},
  year =	{2014},
  volume =	{25},
  editor =	{Ernst W. Mayr and Natacha Portier},
}

@inproceedings{Eickmeyer2010,
 author = {Eickmeyer, Kord and Grohe, Martin},
 title = {Randomisation and Derandomisation in Descriptive Complexity Theory},
 booktitle = {Proceedings of the 24th International Conference/19th Annual Conference on Computer Science Logic},
 series = {CSL'10/EACSL'10},
 year = {2010},
 location = {Brno, Czech Republic},
 pages = {275--289},
 numpages = {15},
} 

@inproceedings{Barrington:1986,
 author = {Barrington, D A},
 title = {Bounded-width Polynomial-size Branching Programs Recognize Exactly Those Languages in NC1},
 booktitle = {Proceedings of the Eighteenth Annual ACM Symposium on Theory of Computing},
 series = {STOC '86},
 year = {1986},
 isbn = {0-89791-193-8},
 location = {Berkeley, California, USA},
 pages = {1--5},
 numpages = {5},
 acmid = {12131},
 publisher = {ACM},
 address = {New York, NY, USA},
} 

@article{DENENBERG1986216,
title = "Definability by constant-depth polynomial-size circuits",
journal = "Information and Control",
volume = "70",
number = "2",
pages = "216-240",
year = "1986",
note = "",
issn = "0019-9958",
author = "Denenberg, L. and Gurevich, Y. and Shelah, S.",
}

@incollection{Otto1997,
author="Otto, M.",
title="The logic of explicitly presentation-invariant circuits",
booktitle="1996 10th International Workshop, Annual Conference on Computer Science Logic (CSL)",
year="1997",
publisher="Springer",
address="Berlin, Heidelberg",
pages="369--384"
}

@article{AndersonD17,
author="Anderson, M.
and Dawar, A.",
title="On Symmetric Circuits and Fixed-Point Logics",
journal="Theory of Computing Systems",
year="2017",
volume="60",
number="3",
pages="521--551"
}

@inproceedings{GradelP15a,
  author =       {Gr{\"{a}}del, E. and Pakusa, W.},
  title =        {Rank Logic is Dead, Long Live Rank Logic!},
  booktitle =    {2015 24th Annual Conference on Computer Science Logic, (CSL)},
  pages =        {390--404},
  year =         {2015}
}

@book{grohe2017descriptive,
  title={Descriptive Complexity, Canonisation, and Definable Graph Structure Theory},
  author={Grohe, M.},
  isbn={9781107014527},
  lccn={2016053731},
  series={Lecture Notes in Logic},
  url={https://books.google.co.uk/books?id=RLYrDwAAQBAJ},
  year={2017},
  publisher={Cambridge University Press}
}

@book{libkin2004elements,
  title={Elements of Finite Model Theory},
  author={Libkin, L.},
  series={Texts in Theoretical Computer Science. An EATCS Series},
  year={2004},
  publisher={Springer Berlin Heidelberg}
}


@article{Dawar-siglog,
  title={The Nature and Power of Fixed-Point Logic with Counting},
  author={Dawar, A.},
  journal={ACM SIGLOG News},
  volume={2},
  number={1},
  pages={8--21},
  year={2015},
  publisher={ACM}
}
@Article{Zemlyachenko1985,
  author =       "Zemlyachenko, V. N. and Korneenko, N. M. and Tyshkevich, R.
                  I.",
  title =        "Graph isomorphism problem",
  journal =      "Journal of Soviet Mathematics",
  year =         "1985",
  month =        "May",
  day =          "01",
  volume =       "29",
  number =       "4",
  pages =        "1426--1481",
  issn =         "1573-8795"
}

@article{Otto1996,
  title =        {The expressive power of fixed-point logic with counting},
  volume =       {61},
  DOI =          {10.2307/2275602},
  number =       {1},
  journal =      {Journal of Symbolic Logic},
  publisher =    {Cambridge University Press},
  author =       {Otto, M.},
  year =         {1996},
  pages =        {147–176}
}

@InProceedings{Dawar2016,
  author =       "Dawar, A.",
  editor =       "Hajiaghayi, Mohammad Taghi and Mousavi, Mohammad Reza",
  title =        "On Symmetric and Choiceless Computation",
  booktitle =    "Topics in Theoretical Computer Science",
  year =         "2016",
  publisher =    "Springer International Publishing",
  address =      "Cham",
  pages =        "23--29",
}
@article{Hella19961,
  title =        "Logical Hierarchies in PTIME",
  journal =      "Information and Computation",
  volume =       "129",
  number =       "1",
  pages =        "1 - 19",
  year =         "1996",
  author =       "Hella, L."
}

@InProceedings{DawarH2012,
  author =       "Dawar, A.  and Holm, B.",
  editor =       "Czumaj, Artur and Mehlhorn, Kurt and Pitts, Andrew and
                  Wattenhofer, Roger",
  title =        "Pebble Games with Algebraic Rules",
  booktitle =    "Automata, Languages, and Programming",
  year =         "2012",
  publisher =    "Springer Berlin Heidelberg",
  address =      "Berlin, Heidelberg",
  pages =        "251--262",
}
@book{Arora:2009,
  author =       {Arora, Sanjeev and Barak, Boaz},
  title =        {Computational Complexity: A Modern Approach},
  year =         {2009},
  isbn =         {0521424267, 9780521424264},
  edition =      {1st},
  publisher =    {Cambridge University Press},
  address =      {New York, NY, USA},
}

@Online{DW-arxiv,
  hyphenation =  {american},
  author =       {Dawar, A. and Wilsenach, G.},
  title =        {Symmetric Circuits for Rank Logic},
  version =      {1},
  date =         {2018-04-12},
  eprintclass =  {cs.CC},
  eprinttype =   {arxiv},
  eprint =       {1804.02939}
}